<?xml version="1.0" encoding="UTF-8"?><collection xmlns="http://www.loc.gov/MARC21/slim"><record><leader>00387nam--2200145-i-4500</leader><controlfield tag="001">000023411</controlfield><controlfield tag="002">20161230</controlfield><controlfield tag="005">20161230201035</controlfield><controlfield tag="008">060222s1000------------r-----000-0-eng-d</controlfield><datafield ind1=" " ind2=" " tag="080"><subfield code="a">778.4</subfield></datafield><datafield ind1=" " ind2=" " tag="245"><subfield code="a">Holography. state of the art review... 1971-1972</subfield></datafield><datafield ind1=" " ind2=" " tag="260"><subfield code="a">New York, Optosonic Press, 1972, V + 444p</subfield></datafield><datafield ind1=" " ind2=" " tag="490"><subfield code="a">State Of The Art Review</subfield></datafield><datafield ind1=" " ind2=" " tag="700"><subfield code="a">Thomas Kallard</subfield></datafield><datafield ind1=" " ind2=" " tag="852"><subfield code="a">41860</subfield></datafield></record></collection>